%YAML 1.1
%TAG !u! tag:unity3d.com,2011:
--- !u!1 &3666395886644261867
GameObject:
  m_ObjectHideFlags: 0
  m_CorrespondingSourceObject: {fileID: 0}
  m_PrefabInstance: {fileID: 0}
  m_PrefabAsset: {fileID: 0}
  serializedVersion: 6
  m_Component:
  - component: {fileID: 2744831060223577707}
  m_Layer: 0
  m_Name: PlayerSpawnPoint
  m_TagString: Untagged
  m_Icon: {fileID: 0}
  m_NavMeshLayer: 0
  m_StaticEditorFlags: 0
  m_IsActive: 1
--- !u!4 &2744831060223577707
Transform:
  m_ObjectHideFlags: 0
  m_CorrespondingSourceObject: {fileID: 0}
  m_PrefabInstance: {fileID: 0}
  m_PrefabAsset: {fileID: 0}
  m_GameObject: {fileID: 3666395886644261867}
  m_LocalRotation: {x: -0, y: -0, z: -0, w: 1}
  m_LocalPosition: {x: 0, y: 0, z: -27.8}
  m_LocalScale: {x: 1, y: 1, z: 1}
  m_Children: []
  m_Father: {fileID: 6293145600145109419}
  m_RootOrder: 1
  m_LocalEulerAnglesHint: {x: 0, y: 0, z: 0}
--- !u!1 &6293145600145109423
GameObject:
  m_ObjectHideFlags: 0
  m_CorrespondingSourceObject: {fileID: 0}
  m_PrefabInstance: {fileID: 0}
  m_PrefabAsset: {fileID: 0}
  serializedVersion: 6
  m_Component:
  - component: {fileID: 6293145600145109419}
  - component: {fileID: 8288974437449179419}
  - component: {fileID: 7572776834676987940}
  m_Layer: 0
  m_Name: Platform_13
  m_TagString: Untagged
  m_Icon: {fileID: 0}
  m_NavMeshLayer: 0
  m_StaticEditorFlags: 0
  m_IsActive: 1
--- !u!4 &6293145600145109419
Transform:
  m_ObjectHideFlags: 0
  m_CorrespondingSourceObject: {fileID: 0}
  m_PrefabInstance: {fileID: 0}
  m_PrefabAsset: {fileID: 0}
  m_GameObject: {fileID: 6293145600145109423}
  m_LocalRotation: {x: 0, y: 0, z: 0, w: 1}
  m_LocalPosition: {x: 0, y: 0, z: 0}
  m_LocalScale: {x: 1, y: 1, z: 1}
  m_Children:
  - {fileID: 7746036765114362424}
  - {fileID: 2744831060223577707}
  - {fileID: 571891512272888564}
  - {fileID: 4012771480591690580}
  - {fileID: 2757119713560031434}
  - {fileID: 7837322583933700973}
  m_Father: {fileID: 0}
  m_RootOrder: 0
  m_LocalEulerAnglesHint: {x: 0, y: 0, z: 0}
--- !u!114 &8288974437449179419
MonoBehaviour:
  m_ObjectHideFlags: 0
  m_CorrespondingSourceObject: {fileID: 0}
  m_PrefabInstance: {fileID: 0}
  m_PrefabAsset: {fileID: 0}
  m_GameObject: {fileID: 6293145600145109423}
  m_Enabled: 1
  m_EditorHideFlags: 0
  m_Script: {fileID: 11500000, guid: 8fe026aa290c2ef42951d9a62fd10f51, type: 3}
  m_Name: 
  m_EditorClassIdentifier: 
  _jellyTime: 0.5
  _player: {fileID: 8224202796034207596, guid: 28d5a8bee6a99354295d7891f66152cf, type: 3}
  _enemy: {fileID: 1746751875402959592, guid: 609646a6a2a663c418dfe7c85625a262, type: 3}
  _playerPoint: {fileID: 2744831060223577707}
  _enemyPoint: {fileID: 571891512272888564}
  _renderers:
  - {fileID: 7746036765114362426}
--- !u!114 &7572776834676987940
MonoBehaviour:
  m_ObjectHideFlags: 0
  m_CorrespondingSourceObject: {fileID: 0}
  m_PrefabInstance: {fileID: 0}
  m_PrefabAsset: {fileID: 0}
  m_GameObject: {fileID: 6293145600145109423}
  m_Enabled: 1
  m_EditorHideFlags: 0
  m_Script: {fileID: 11500000, guid: 7a5ac11cc976e418e8d13136b07e1f52, type: 3}
  m_Name: 
  m_EditorClassIdentifier: 
  m_AgentTypeID: 0
  m_CollectObjects: 0
  m_Size: {x: 10, y: 10, z: 10}
  m_Center: {x: 0, y: 2, z: 0}
  m_LayerMask:
    serializedVersion: 2
    m_Bits: 4294967295
  m_UseGeometry: 0
  m_DefaultArea: 0
  m_IgnoreNavMeshAgent: 1
  m_IgnoreNavMeshObstacle: 1
  m_OverrideTileSize: 0
  m_TileSize: 256
  m_OverrideVoxelSize: 0
  m_VoxelSize: 0.33333334
  m_BuildHeightMesh: 0
  m_NavMeshData: {fileID: 23800000, guid: 2fbb5b74b0e9bc543825abc4b1c5ed6c, type: 2}
--- !u!1 &7746036765114362428
GameObject:
  m_ObjectHideFlags: 0
  m_CorrespondingSourceObject: {fileID: 0}
  m_PrefabInstance: {fileID: 0}
  m_PrefabAsset: {fileID: 0}
  serializedVersion: 6
  m_Component:
  - component: {fileID: 7746036765114362424}
  - component: {fileID: 7746036765114362427}
  - component: {fileID: 7746036765114362426}
  - component: {fileID: 7746036765114362429}
  - component: {fileID: 7746036765114362425}
  m_Layer: 0
  m_Name: Plate
  m_TagString: Untagged
  m_Icon: {fileID: 0}
  m_NavMeshLayer: 0
  m_StaticEditorFlags: 8
  m_IsActive: 1
--- !u!4 &7746036765114362424
Transform:
  m_ObjectHideFlags: 0
  m_CorrespondingSourceObject: {fileID: 0}
  m_PrefabInstance: {fileID: 0}
  m_PrefabAsset: {fileID: 0}
  m_GameObject: {fileID: 7746036765114362428}
  m_LocalRotation: {x: -0, y: -0, z: -0, w: 1}
  m_LocalPosition: {x: 0, y: -7.5, z: 0}
  m_LocalScale: {x: 45, y: 15, z: 60}
  m_Children: []
  m_Father: {fileID: 6293145600145109419}
  m_RootOrder: 0
  m_LocalEulerAnglesHint: {x: 0, y: 0, z: 0}
--- !u!33 &7746036765114362427
MeshFilter:
  m_ObjectHideFlags: 0
  m_CorrespondingSourceObject: {fileID: 0}
  m_PrefabInstance: {fileID: 0}
  m_PrefabAsset: {fileID: 0}
  m_GameObject: {fileID: 7746036765114362428}
  m_Mesh: {fileID: 10202, guid: 0000000000000000e000000000000000, type: 0}
--- !u!23 &7746036765114362426
MeshRenderer:
  m_ObjectHideFlags: 0
  m_CorrespondingSourceObject: {fileID: 0}
  m_PrefabInstance: {fileID: 0}
  m_PrefabAsset: {fileID: 0}
  m_GameObject: {fileID: 7746036765114362428}
  m_Enabled: 1
  m_CastShadows: 0
  m_ReceiveShadows: 0
  m_DynamicOccludee: 1
  m_MotionVectors: 1
  m_LightProbeUsage: 1
  m_ReflectionProbeUsage: 1
  m_RayTracingMode: 2
  m_RenderingLayerMask: 1
  m_RendererPriority: 0
  m_Materials:
  - {fileID: 2100000, guid: 657b770f5069e02468c571a2e122dd09, type: 2}
  m_StaticBatchInfo:
    firstSubMesh: 0
    subMeshCount: 0
  m_StaticBatchRoot: {fileID: 0}
  m_ProbeAnchor: {fileID: 0}
  m_LightProbeVolumeOverride: {fileID: 0}
  m_ScaleInLightmap: 1
  m_ReceiveGI: 1
  m_PreserveUVs: 0
  m_IgnoreNormalsForChartDetection: 0
  m_ImportantGI: 0
  m_StitchLightmapSeams: 1
  m_SelectedEditorRenderState: 3
  m_MinimumChartSize: 4
  m_AutoUVMaxDistance: 0.5
  m_AutoUVMaxAngle: 89
  m_LightmapParameters: {fileID: 0}
  m_SortingLayerID: 0
  m_SortingLayer: 0
  m_SortingOrder: 0
--- !u!65 &7746036765114362429
BoxCollider:
  m_ObjectHideFlags: 0
  m_CorrespondingSourceObject: {fileID: 0}
  m_PrefabInstance: {fileID: 0}
  m_PrefabAsset: {fileID: 0}
  m_GameObject: {fileID: 7746036765114362428}
  m_Material: {fileID: 0}
  m_IsTrigger: 0
  m_Enabled: 1
  serializedVersion: 2
  m_Size: {x: 1, y: 1, z: 1}
  m_Center: {x: 0, y: 0, z: 0}
--- !u!54 &7746036765114362425
Rigidbody:
  m_ObjectHideFlags: 0
  m_CorrespondingSourceObject: {fileID: 0}
  m_PrefabInstance: {fileID: 0}
  m_PrefabAsset: {fileID: 0}
  m_GameObject: {fileID: 7746036765114362428}
  serializedVersion: 2
  m_Mass: 1
  m_Drag: 0
  m_AngularDrag: 0.05
  m_UseGravity: 0
  m_IsKinematic: 1
  m_Interpolate: 0
  m_Constraints: 0
  m_CollisionDetection: 0
--- !u!1 &8588181501510465270
GameObject:
  m_ObjectHideFlags: 0
  m_CorrespondingSourceObject: {fileID: 0}
  m_PrefabInstance: {fileID: 0}
  m_PrefabAsset: {fileID: 0}
  serializedVersion: 6
  m_Component:
  - component: {fileID: 571891512272888564}
  m_Layer: 0
  m_Name: EnemySpawnPoint
  m_TagString: Untagged
  m_Icon: {fileID: 0}
  m_NavMeshLayer: 0
  m_StaticEditorFlags: 0
  m_IsActive: 1
--- !u!4 &571891512272888564
Transform:
  m_ObjectHideFlags: 0
  m_CorrespondingSourceObject: {fileID: 0}
  m_PrefabInstance: {fileID: 0}
  m_PrefabAsset: {fileID: 0}
  m_GameObject: {fileID: 8588181501510465270}
  m_LocalRotation: {x: -0, y: -0, z: -0, w: 1}
  m_LocalPosition: {x: 0, y: 0, z: 26.2}
  m_LocalScale: {x: 1, y: 1, z: 1}
  m_Children: []
  m_Father: {fileID: 6293145600145109419}
  m_RootOrder: 2
  m_LocalEulerAnglesHint: {x: 0, y: 0, z: 0}
--- !u!1001 &2498370744287624824
PrefabInstance:
  m_ObjectHideFlags: 0
  serializedVersion: 2
  m_Modification:
    m_TransformParent: {fileID: 6293145600145109419}
    m_Modifications:
    - target: {fileID: 4982086220097941423, guid: 473d8a6dedcf0204ab88d34e5440c2d6,
        type: 3}
      propertyPath: m_Name
      value: Corn (3)
      objectReference: {fileID: 0}
    - target: {fileID: 4982086220097941423, guid: 473d8a6dedcf0204ab88d34e5440c2d6,
        type: 3}
      propertyPath: m_IsActive
      value: 1
      objectReference: {fileID: 0}
    - target: {fileID: 5649833531950380309, guid: 473d8a6dedcf0204ab88d34e5440c2d6,
        type: 3}
      propertyPath: m_RootOrder
      value: 5
      objectReference: {fileID: 0}
    - target: {fileID: 5649833531950380309, guid: 473d8a6dedcf0204ab88d34e5440c2d6,
        type: 3}
      propertyPath: m_LocalPosition.x
      value: -12
      objectReference: {fileID: 0}
    - target: {fileID: 5649833531950380309, guid: 473d8a6dedcf0204ab88d34e5440c2d6,
        type: 3}
      propertyPath: m_LocalPosition.y
      value: 0.05
      objectReference: {fileID: 0}
    - target: {fileID: 5649833531950380309, guid: 473d8a6dedcf0204ab88d34e5440c2d6,
        type: 3}
      propertyPath: m_LocalPosition.z
      value: 0
      objectReference: {fileID: 0}
    - target: {fileID: 5649833531950380309, guid: 473d8a6dedcf0204ab88d34e5440c2d6,
        type: 3}
      propertyPath: m_LocalRotation.w
      value: 1
      objectReference: {fileID: 0}
    - target: {fileID: 5649833531950380309, guid: 473d8a6dedcf0204ab88d34e5440c2d6,
        type: 3}
      propertyPath: m_LocalRotation.x
      value: -0
      objectReference: {fileID: 0}
    - target: {fileID: 5649833531950380309, guid: 473d8a6dedcf0204ab88d34e5440c2d6,
        type: 3}
      propertyPath: m_LocalRotation.y
      value: -0
      objectReference: {fileID: 0}
    - target: {fileID: 5649833531950380309, guid: 473d8a6dedcf0204ab88d34e5440c2d6,
        type: 3}
      propertyPath: m_LocalRotation.z
      value: -0
      objectReference: {fileID: 0}
    - target: {fileID: 5649833531950380309, guid: 473d8a6dedcf0204ab88d34e5440c2d6,
        type: 3}
      propertyPath: m_LocalEulerAnglesHint.x
      value: 0
      objectReference: {fileID: 0}
    - target: {fileID: 5649833531950380309, guid: 473d8a6dedcf0204ab88d34e5440c2d6,
        type: 3}
      propertyPath: m_LocalEulerAnglesHint.y
      value: 0
      objectReference: {fileID: 0}
    - target: {fileID: 5649833531950380309, guid: 473d8a6dedcf0204ab88d34e5440c2d6,
        type: 3}
      propertyPath: m_LocalEulerAnglesHint.z
      value: 0
      objectReference: {fileID: 0}
    m_RemovedComponents: []
  m_SourcePrefab: {fileID: 100100000, guid: 473d8a6dedcf0204ab88d34e5440c2d6, type: 3}
--- !u!4 &7837322583933700973 stripped
Transform:
  m_CorrespondingSourceObject: {fileID: 5649833531950380309, guid: 473d8a6dedcf0204ab88d34e5440c2d6,
    type: 3}
  m_PrefabInstance: {fileID: 2498370744287624824}
  m_PrefabAsset: {fileID: 0}
--- !u!1001 &7506230008550442463
PrefabInstance:
  m_ObjectHideFlags: 0
  serializedVersion: 2
  m_Modification:
    m_TransformParent: {fileID: 6293145600145109419}
    m_Modifications:
    - target: {fileID: 4982086220097941423, guid: 473d8a6dedcf0204ab88d34e5440c2d6,
        type: 3}
      propertyPath: m_Name
      value: Corn (2)
      objectReference: {fileID: 0}
    - target: {fileID: 4982086220097941423, guid: 473d8a6dedcf0204ab88d34e5440c2d6,
        type: 3}
      propertyPath: m_IsActive
      value: 1
      objectReference: {fileID: 0}
    - target: {fileID: 5649833531950380309, guid: 473d8a6dedcf0204ab88d34e5440c2d6,
        type: 3}
      propertyPath: m_RootOrder
      value: 4
      objectReference: {fileID: 0}
    - target: {fileID: 5649833531950380309, guid: 473d8a6dedcf0204ab88d34e5440c2d6,
        type: 3}
      propertyPath: m_LocalPosition.x
      value: 12
      objectReference: {fileID: 0}
    - target: {fileID: 5649833531950380309, guid: 473d8a6dedcf0204ab88d34e5440c2d6,
        type: 3}
      propertyPath: m_LocalPosition.y
      value: 0.05
      objectReference: {fileID: 0}
    - target: {fileID: 5649833531950380309, guid: 473d8a6dedcf0204ab88d34e5440c2d6,
        type: 3}
      propertyPath: m_LocalPosition.z
      value: 0
      objectReference: {fileID: 0}
    - target: {fileID: 5649833531950380309, guid: 473d8a6dedcf0204ab88d34e5440c2d6,
        type: 3}
      propertyPath: m_LocalRotation.w
      value: 1
      objectReference: {fileID: 0}
    - target: {fileID: 5649833531950380309, guid: 473d8a6dedcf0204ab88d34e5440c2d6,
        type: 3}
      propertyPath: m_LocalRotation.x
      value: -0
      objectReference: {fileID: 0}
    - target: {fileID: 5649833531950380309, guid: 473d8a6dedcf0204ab88d34e5440c2d6,
        type: 3}
      propertyPath: m_LocalRotation.y
      value: -0
      objectReference: {fileID: 0}
    - target: {fileID: 5649833531950380309, guid: 473d8a6dedcf0204ab88d34e5440c2d6,
        type: 3}
      propertyPath: m_LocalRotation.z
      value: -0
      objectReference: {fileID: 0}
    - target: {fileID: 5649833531950380309, guid: 473d8a6dedcf0204ab88d34e5440c2d6,
        type: 3}
      propertyPath: m_LocalEulerAnglesHint.x
      value: 0
      objectReference: {fileID: 0}
    - target: {fileID: 5649833531950380309, guid: 473d8a6dedcf0204ab88d34e5440c2d6,
        type: 3}
      propertyPath: m_LocalEulerAnglesHint.y
      value: 0
      objectReference: {fileID: 0}
    - target: {fileID: 5649833531950380309, guid: 473d8a6dedcf0204ab88d34e5440c2d6,
        type: 3}
      propertyPath: m_LocalEulerAnglesHint.z
      value: 0
      objectReference: {fileID: 0}
    m_RemovedComponents: []
  m_SourcePrefab: {fileID: 100100000, guid: 473d8a6dedcf0204ab88d34e5440c2d6, type: 3}
--- !u!4 &2757119713560031434 stripped
Transform:
  m_CorrespondingSourceObject: {fileID: 5649833531950380309, guid: 473d8a6dedcf0204ab88d34e5440c2d6,
    type: 3}
  m_PrefabInstance: {fileID: 7506230008550442463}
  m_PrefabAsset: {fileID: 0}
--- !u!1001 &8550472226513765186
PrefabInstance:
  m_ObjectHideFlags: 0
  serializedVersion: 2
  m_Modification:
    m_TransformParent: {fileID: 6293145600145109419}
    m_Modifications:
    - target: {fileID: 4690880914531428374, guid: 605b99b953e8b3a47b2f88e9918d8db0,
        type: 3}
      propertyPath: m_RootOrder
      value: 3
      objectReference: {fileID: 0}
    - target: {fileID: 4690880914531428374, guid: 605b99b953e8b3a47b2f88e9918d8db0,
        type: 3}
      propertyPath: m_LocalScale.x
      value: 2
      objectReference: {fileID: 0}
    - target: {fileID: 4690880914531428374, guid: 605b99b953e8b3a47b2f88e9918d8db0,
        type: 3}
      propertyPath: m_LocalScale.y
      value: 2
      objectReference: {fileID: 0}
    - target: {fileID: 4690880914531428374, guid: 605b99b953e8b3a47b2f88e9918d8db0,
        type: 3}
      propertyPath: m_LocalScale.z
      value: 2
      objectReference: {fileID: 0}
    - target: {fileID: 4690880914531428374, guid: 605b99b953e8b3a47b2f88e9918d8db0,
        type: 3}
      propertyPath: m_LocalPosition.x
      value: 0
      objectReference: {fileID: 0}
    - target: {fileID: 4690880914531428374, guid: 605b99b953e8b3a47b2f88e9918d8db0,
        type: 3}
      propertyPath: m_LocalPosition.y
      value: 3.58
      objectReference: {fileID: 0}
    - target: {fileID: 4690880914531428374, guid: 605b99b953e8b3a47b2f88e9918d8db0,
        type: 3}
      propertyPath: m_LocalPosition.z
      value: 0
      objectReference: {fileID: 0}
    - target: {fileID: 4690880914531428374, guid: 605b99b953e8b3a47b2f88e9918d8db0,
        type: 3}
      propertyPath: m_LocalRotation.w
      value: 1
      objectReference: {fileID: 0}
    - target: {fileID: 4690880914531428374, guid: 605b99b953e8b3a47b2f88e9918d8db0,
        type: 3}
      propertyPath: m_LocalRotation.x
      value: -0
      objectReference: {fileID: 0}
    - target: {fileID: 4690880914531428374, guid: 605b99b953e8b3a47b2f88e9918d8db0,
        type: 3}
      propertyPath: m_LocalRotation.y
      value: -0
      objectReference: {fileID: 0}
    - target: {fileID: 4690880914531428374, guid: 605b99b953e8b3a47b2f88e9918d8db0,
        type: 3}
      propertyPath: m_LocalRotation.z
      value: -0
      objectReference: {fileID: 0}
    - target: {fileID: 4690880914531428374, guid: 605b99b953e8b3a47b2f88e9918d8db0,
        type: 3}
      propertyPath: m_LocalEulerAnglesHint.x
      value: 0
      objectReference: {fileID: 0}
    - target: {fileID: 4690880914531428374, guid: 605b99b953e8b3a47b2f88e9918d8db0,
        type: 3}
      propertyPath: m_LocalEulerAnglesHint.y
      value: 0
      objectReference: {fileID: 0}
    - target: {fileID: 4690880914531428374, guid: 605b99b953e8b3a47b2f88e9918d8db0,
        type: 3}
      propertyPath: m_LocalEulerAnglesHint.z
      value: 0
      objectReference: {fileID: 0}
    - target: {fileID: 5355496813711225516, guid: 605b99b953e8b3a47b2f88e9918d8db0,
        type: 3}
      propertyPath: m_Name
      value: Box (4)
      objectReference: {fileID: 0}
    - target: {fileID: 5355496813711225516, guid: 605b99b953e8b3a47b2f88e9918d8db0,
        type: 3}
      propertyPath: m_IsActive
      value: 1
      objectReference: {fileID: 0}
    m_RemovedComponents: []
  m_SourcePrefab: {fileID: 100100000, guid: 605b99b953e8b3a47b2f88e9918d8db0, type: 3}
--- !u!4 &4012771480591690580 stripped
Transform:
  m_CorrespondingSourceObject: {fileID: 4690880914531428374, guid: 605b99b953e8b3a47b2f88e9918d8db0,
    type: 3}
  m_PrefabInstance: {fileID: 8550472226513765186}
  m_PrefabAsset: {fileID: 0}
