%YAML 1.1
%TAG !u! tag:unity3d.com,2011:
--- !u!1 &742386336060035642
GameObject:
  m_ObjectHideFlags: 0
  m_CorrespondingSourceObject: {fileID: 0}
  m_PrefabInstance: {fileID: 0}
  m_PrefabAsset: {fileID: 0}
  serializedVersion: 6
  m_Component:
  - component: {fileID: 742386336060035646}
  - component: {fileID: 3319320812539069070}
  - component: {fileID: 3751263797230894001}
  m_Layer: 0
  m_Name: Platform_22
  m_TagString: Untagged
  m_Icon: {fileID: 0}
  m_NavMeshLayer: 0
  m_StaticEditorFlags: 0
  m_IsActive: 1
--- !u!4 &742386336060035646
Transform:
  m_ObjectHideFlags: 0
  m_CorrespondingSourceObject: {fileID: 0}
  m_PrefabInstance: {fileID: 0}
  m_PrefabAsset: {fileID: 0}
  m_GameObject: {fileID: 742386336060035642}
  m_LocalRotation: {x: 0, y: 0, z: 0, w: 1}
  m_LocalPosition: {x: 0, y: 0, z: 0}
  m_LocalScale: {x: 1, y: 1, z: 1}
  m_Children:
  - {fileID: 3920297168514156973}
  - {fileID: 8867406980232621566}
  - {fileID: 6554715101848813921}
  - {fileID: 7940600143772473018}
  - {fileID: 5922478029572554273}
  - {fileID: 5922478030341383864}
  m_Father: {fileID: 0}
  m_RootOrder: 0
  m_LocalEulerAnglesHint: {x: 0, y: 0, z: 0}
--- !u!114 &3319320812539069070
MonoBehaviour:
  m_ObjectHideFlags: 0
  m_CorrespondingSourceObject: {fileID: 0}
  m_PrefabInstance: {fileID: 0}
  m_PrefabAsset: {fileID: 0}
  m_GameObject: {fileID: 742386336060035642}
  m_Enabled: 1
  m_EditorHideFlags: 0
  m_Script: {fileID: 11500000, guid: 8fe026aa290c2ef42951d9a62fd10f51, type: 3}
  m_Name: 
  m_EditorClassIdentifier: 
  _jellyTime: 0.5
  _player: {fileID: 8224202796034207596, guid: 28d5a8bee6a99354295d7891f66152cf, type: 3}
  _enemy: {fileID: 1746751875402959592, guid: 609646a6a2a663c418dfe7c85625a262, type: 3}
  _playerPoint: {fileID: 8867406980232621566}
  _enemyPoint: {fileID: 6554715101848813921}
  _renderers:
  - {fileID: 3920297168514156975}
--- !u!114 &3751263797230894001
MonoBehaviour:
  m_ObjectHideFlags: 0
  m_CorrespondingSourceObject: {fileID: 0}
  m_PrefabInstance: {fileID: 0}
  m_PrefabAsset: {fileID: 0}
  m_GameObject: {fileID: 742386336060035642}
  m_Enabled: 1
  m_EditorHideFlags: 0
  m_Script: {fileID: 11500000, guid: 7a5ac11cc976e418e8d13136b07e1f52, type: 3}
  m_Name: 
  m_EditorClassIdentifier: 
  m_AgentTypeID: 0
  m_CollectObjects: 0
  m_Size: {x: 10, y: 10, z: 10}
  m_Center: {x: 0, y: 2, z: 0}
  m_LayerMask:
    serializedVersion: 2
    m_Bits: 4294967295
  m_UseGeometry: 0
  m_DefaultArea: 0
  m_IgnoreNavMeshAgent: 1
  m_IgnoreNavMeshObstacle: 1
  m_OverrideTileSize: 0
  m_TileSize: 256
  m_OverrideVoxelSize: 0
  m_VoxelSize: 0.33333334
  m_BuildHeightMesh: 0
  m_NavMeshData: {fileID: 23800000, guid: c0a39e80343ab52488497183a6b45099, type: 2}
--- !u!1 &3042071004799882595
GameObject:
  m_ObjectHideFlags: 0
  m_CorrespondingSourceObject: {fileID: 0}
  m_PrefabInstance: {fileID: 0}
  m_PrefabAsset: {fileID: 0}
  serializedVersion: 6
  m_Component:
  - component: {fileID: 6554715101848813921}
  m_Layer: 0
  m_Name: EnemySpawnPoint
  m_TagString: Untagged
  m_Icon: {fileID: 0}
  m_NavMeshLayer: 0
  m_StaticEditorFlags: 0
  m_IsActive: 1
--- !u!4 &6554715101848813921
Transform:
  m_ObjectHideFlags: 0
  m_CorrespondingSourceObject: {fileID: 0}
  m_PrefabInstance: {fileID: 0}
  m_PrefabAsset: {fileID: 0}
  m_GameObject: {fileID: 3042071004799882595}
  m_LocalRotation: {x: -0, y: -0, z: -0, w: 1}
  m_LocalPosition: {x: 0, y: 0, z: 26.2}
  m_LocalScale: {x: 1, y: 1, z: 1}
  m_Children: []
  m_Father: {fileID: 742386336060035646}
  m_RootOrder: 2
  m_LocalEulerAnglesHint: {x: 0, y: 0, z: 0}
--- !u!1 &3920297168514156969
GameObject:
  m_ObjectHideFlags: 0
  m_CorrespondingSourceObject: {fileID: 0}
  m_PrefabInstance: {fileID: 0}
  m_PrefabAsset: {fileID: 0}
  serializedVersion: 6
  m_Component:
  - component: {fileID: 3920297168514156973}
  - component: {fileID: 3920297168514156974}
  - component: {fileID: 3920297168514156975}
  - component: {fileID: 3920297168514156968}
  - component: {fileID: 3920297168514156972}
  m_Layer: 0
  m_Name: Plate
  m_TagString: Untagged
  m_Icon: {fileID: 0}
  m_NavMeshLayer: 0
  m_StaticEditorFlags: 8
  m_IsActive: 1
--- !u!4 &3920297168514156973
Transform:
  m_ObjectHideFlags: 0
  m_CorrespondingSourceObject: {fileID: 0}
  m_PrefabInstance: {fileID: 0}
  m_PrefabAsset: {fileID: 0}
  m_GameObject: {fileID: 3920297168514156969}
  m_LocalRotation: {x: -0, y: -0, z: -0, w: 1}
  m_LocalPosition: {x: 0, y: -7.5, z: 0}
  m_LocalScale: {x: 60, y: 15, z: 60}
  m_Children: []
  m_Father: {fileID: 742386336060035646}
  m_RootOrder: 0
  m_LocalEulerAnglesHint: {x: 0, y: 0, z: 0}
--- !u!33 &3920297168514156974
MeshFilter:
  m_ObjectHideFlags: 0
  m_CorrespondingSourceObject: {fileID: 0}
  m_PrefabInstance: {fileID: 0}
  m_PrefabAsset: {fileID: 0}
  m_GameObject: {fileID: 3920297168514156969}
  m_Mesh: {fileID: 10202, guid: 0000000000000000e000000000000000, type: 0}
--- !u!23 &3920297168514156975
MeshRenderer:
  m_ObjectHideFlags: 0
  m_CorrespondingSourceObject: {fileID: 0}
  m_PrefabInstance: {fileID: 0}
  m_PrefabAsset: {fileID: 0}
  m_GameObject: {fileID: 3920297168514156969}
  m_Enabled: 1
  m_CastShadows: 0
  m_ReceiveShadows: 0
  m_DynamicOccludee: 1
  m_MotionVectors: 1
  m_LightProbeUsage: 1
  m_ReflectionProbeUsage: 1
  m_RayTracingMode: 2
  m_RenderingLayerMask: 1
  m_RendererPriority: 0
  m_Materials:
  - {fileID: 2100000, guid: 657b770f5069e02468c571a2e122dd09, type: 2}
  m_StaticBatchInfo:
    firstSubMesh: 0
    subMeshCount: 0
  m_StaticBatchRoot: {fileID: 0}
  m_ProbeAnchor: {fileID: 0}
  m_LightProbeVolumeOverride: {fileID: 0}
  m_ScaleInLightmap: 1
  m_ReceiveGI: 1
  m_PreserveUVs: 0
  m_IgnoreNormalsForChartDetection: 0
  m_ImportantGI: 0
  m_StitchLightmapSeams: 1
  m_SelectedEditorRenderState: 3
  m_MinimumChartSize: 4
  m_AutoUVMaxDistance: 0.5
  m_AutoUVMaxAngle: 89
  m_LightmapParameters: {fileID: 0}
  m_SortingLayerID: 0
  m_SortingLayer: 0
  m_SortingOrder: 0
--- !u!65 &3920297168514156968
BoxCollider:
  m_ObjectHideFlags: 0
  m_CorrespondingSourceObject: {fileID: 0}
  m_PrefabInstance: {fileID: 0}
  m_PrefabAsset: {fileID: 0}
  m_GameObject: {fileID: 3920297168514156969}
  m_Material: {fileID: 0}
  m_IsTrigger: 0
  m_Enabled: 1
  serializedVersion: 2
  m_Size: {x: 1, y: 1, z: 1}
  m_Center: {x: 0, y: 0, z: 0}
--- !u!54 &3920297168514156972
Rigidbody:
  m_ObjectHideFlags: 0
  m_CorrespondingSourceObject: {fileID: 0}
  m_PrefabInstance: {fileID: 0}
  m_PrefabAsset: {fileID: 0}
  m_GameObject: {fileID: 3920297168514156969}
  serializedVersion: 2
  m_Mass: 1
  m_Drag: 0
  m_AngularDrag: 0.05
  m_UseGravity: 0
  m_IsKinematic: 1
  m_Interpolate: 0
  m_Constraints: 0
  m_CollisionDetection: 0
--- !u!1 &8068591562690531454
GameObject:
  m_ObjectHideFlags: 0
  m_CorrespondingSourceObject: {fileID: 0}
  m_PrefabInstance: {fileID: 0}
  m_PrefabAsset: {fileID: 0}
  serializedVersion: 6
  m_Component:
  - component: {fileID: 8867406980232621566}
  m_Layer: 0
  m_Name: PlayerSpawnPoint
  m_TagString: Untagged
  m_Icon: {fileID: 0}
  m_NavMeshLayer: 0
  m_StaticEditorFlags: 0
  m_IsActive: 1
--- !u!4 &8867406980232621566
Transform:
  m_ObjectHideFlags: 0
  m_CorrespondingSourceObject: {fileID: 0}
  m_PrefabInstance: {fileID: 0}
  m_PrefabAsset: {fileID: 0}
  m_GameObject: {fileID: 8068591562690531454}
  m_LocalRotation: {x: -0, y: -0, z: -0, w: 1}
  m_LocalPosition: {x: 0, y: 0, z: -27.8}
  m_LocalScale: {x: 1, y: 1, z: 1}
  m_Children: []
  m_Father: {fileID: 742386336060035646}
  m_RootOrder: 1
  m_LocalEulerAnglesHint: {x: 0, y: 0, z: 0}
--- !u!1001 &3399081462966222508
PrefabInstance:
  m_ObjectHideFlags: 0
  serializedVersion: 2
  m_Modification:
    m_TransformParent: {fileID: 742386336060035646}
    m_Modifications:
    - target: {fileID: 4690880914531428374, guid: 605b99b953e8b3a47b2f88e9918d8db0,
        type: 3}
      propertyPath: m_RootOrder
      value: 3
      objectReference: {fileID: 0}
    - target: {fileID: 4690880914531428374, guid: 605b99b953e8b3a47b2f88e9918d8db0,
        type: 3}
      propertyPath: m_LocalScale.x
      value: 2
      objectReference: {fileID: 0}
    - target: {fileID: 4690880914531428374, guid: 605b99b953e8b3a47b2f88e9918d8db0,
        type: 3}
      propertyPath: m_LocalScale.y
      value: 2
      objectReference: {fileID: 0}
    - target: {fileID: 4690880914531428374, guid: 605b99b953e8b3a47b2f88e9918d8db0,
        type: 3}
      propertyPath: m_LocalScale.z
      value: 2
      objectReference: {fileID: 0}
    - target: {fileID: 4690880914531428374, guid: 605b99b953e8b3a47b2f88e9918d8db0,
        type: 3}
      propertyPath: m_LocalPosition.x
      value: 0
      objectReference: {fileID: 0}
    - target: {fileID: 4690880914531428374, guid: 605b99b953e8b3a47b2f88e9918d8db0,
        type: 3}
      propertyPath: m_LocalPosition.y
      value: 3.58
      objectReference: {fileID: 0}
    - target: {fileID: 4690880914531428374, guid: 605b99b953e8b3a47b2f88e9918d8db0,
        type: 3}
      propertyPath: m_LocalPosition.z
      value: 0
      objectReference: {fileID: 0}
    - target: {fileID: 4690880914531428374, guid: 605b99b953e8b3a47b2f88e9918d8db0,
        type: 3}
      propertyPath: m_LocalRotation.w
      value: 1
      objectReference: {fileID: 0}
    - target: {fileID: 4690880914531428374, guid: 605b99b953e8b3a47b2f88e9918d8db0,
        type: 3}
      propertyPath: m_LocalRotation.x
      value: -0
      objectReference: {fileID: 0}
    - target: {fileID: 4690880914531428374, guid: 605b99b953e8b3a47b2f88e9918d8db0,
        type: 3}
      propertyPath: m_LocalRotation.y
      value: -0
      objectReference: {fileID: 0}
    - target: {fileID: 4690880914531428374, guid: 605b99b953e8b3a47b2f88e9918d8db0,
        type: 3}
      propertyPath: m_LocalRotation.z
      value: -0
      objectReference: {fileID: 0}
    - target: {fileID: 4690880914531428374, guid: 605b99b953e8b3a47b2f88e9918d8db0,
        type: 3}
      propertyPath: m_LocalEulerAnglesHint.x
      value: 0
      objectReference: {fileID: 0}
    - target: {fileID: 4690880914531428374, guid: 605b99b953e8b3a47b2f88e9918d8db0,
        type: 3}
      propertyPath: m_LocalEulerAnglesHint.y
      value: 0
      objectReference: {fileID: 0}
    - target: {fileID: 4690880914531428374, guid: 605b99b953e8b3a47b2f88e9918d8db0,
        type: 3}
      propertyPath: m_LocalEulerAnglesHint.z
      value: 0
      objectReference: {fileID: 0}
    - target: {fileID: 5355496813711225516, guid: 605b99b953e8b3a47b2f88e9918d8db0,
        type: 3}
      propertyPath: m_Name
      value: Box
      objectReference: {fileID: 0}
    - target: {fileID: 5355496813711225516, guid: 605b99b953e8b3a47b2f88e9918d8db0,
        type: 3}
      propertyPath: m_IsActive
      value: 1
      objectReference: {fileID: 0}
    m_RemovedComponents: []
  m_SourcePrefab: {fileID: 100100000, guid: 605b99b953e8b3a47b2f88e9918d8db0, type: 3}
--- !u!4 &7940600143772473018 stripped
Transform:
  m_CorrespondingSourceObject: {fileID: 4690880914531428374, guid: 605b99b953e8b3a47b2f88e9918d8db0,
    type: 3}
  m_PrefabInstance: {fileID: 3399081462966222508}
  m_PrefabAsset: {fileID: 0}
--- !u!1001 &7577159150574781250
PrefabInstance:
  m_ObjectHideFlags: 0
  serializedVersion: 2
  m_Modification:
    m_TransformParent: {fileID: 742386336060035646}
    m_Modifications:
    - target: {fileID: 3484788670468597721, guid: 85626a771ce44a8408e6abf2a8a15337,
        type: 3}
      propertyPath: m_Name
      value: Tree2
      objectReference: {fileID: 0}
    - target: {fileID: 3484788670468597721, guid: 85626a771ce44a8408e6abf2a8a15337,
        type: 3}
      propertyPath: m_IsActive
      value: 1
      objectReference: {fileID: 0}
    - target: {fileID: 4258052815490284899, guid: 85626a771ce44a8408e6abf2a8a15337,
        type: 3}
      propertyPath: m_RootOrder
      value: 4
      objectReference: {fileID: 0}
    - target: {fileID: 4258052815490284899, guid: 85626a771ce44a8408e6abf2a8a15337,
        type: 3}
      propertyPath: m_LocalPosition.x
      value: 12
      objectReference: {fileID: 0}
    - target: {fileID: 4258052815490284899, guid: 85626a771ce44a8408e6abf2a8a15337,
        type: 3}
      propertyPath: m_LocalPosition.y
      value: 0
      objectReference: {fileID: 0}
    - target: {fileID: 4258052815490284899, guid: 85626a771ce44a8408e6abf2a8a15337,
        type: 3}
      propertyPath: m_LocalPosition.z
      value: 0
      objectReference: {fileID: 0}
    - target: {fileID: 4258052815490284899, guid: 85626a771ce44a8408e6abf2a8a15337,
        type: 3}
      propertyPath: m_LocalRotation.w
      value: 1
      objectReference: {fileID: 0}
    - target: {fileID: 4258052815490284899, guid: 85626a771ce44a8408e6abf2a8a15337,
        type: 3}
      propertyPath: m_LocalRotation.x
      value: 0
      objectReference: {fileID: 0}
    - target: {fileID: 4258052815490284899, guid: 85626a771ce44a8408e6abf2a8a15337,
        type: 3}
      propertyPath: m_LocalRotation.y
      value: 0
      objectReference: {fileID: 0}
    - target: {fileID: 4258052815490284899, guid: 85626a771ce44a8408e6abf2a8a15337,
        type: 3}
      propertyPath: m_LocalRotation.z
      value: 0
      objectReference: {fileID: 0}
    - target: {fileID: 4258052815490284899, guid: 85626a771ce44a8408e6abf2a8a15337,
        type: 3}
      propertyPath: m_LocalEulerAnglesHint.x
      value: 0
      objectReference: {fileID: 0}
    - target: {fileID: 4258052815490284899, guid: 85626a771ce44a8408e6abf2a8a15337,
        type: 3}
      propertyPath: m_LocalEulerAnglesHint.y
      value: 0
      objectReference: {fileID: 0}
    - target: {fileID: 4258052815490284899, guid: 85626a771ce44a8408e6abf2a8a15337,
        type: 3}
      propertyPath: m_LocalEulerAnglesHint.z
      value: 0
      objectReference: {fileID: 0}
    m_RemovedComponents: []
  m_SourcePrefab: {fileID: 100100000, guid: 85626a771ce44a8408e6abf2a8a15337, type: 3}
--- !u!4 &5922478029572554273 stripped
Transform:
  m_CorrespondingSourceObject: {fileID: 4258052815490284899, guid: 85626a771ce44a8408e6abf2a8a15337,
    type: 3}
  m_PrefabInstance: {fileID: 7577159150574781250}
  m_PrefabAsset: {fileID: 0}
--- !u!1001 &7577159151951535067
PrefabInstance:
  m_ObjectHideFlags: 0
  serializedVersion: 2
  m_Modification:
    m_TransformParent: {fileID: 742386336060035646}
    m_Modifications:
    - target: {fileID: 3484788670468597721, guid: 85626a771ce44a8408e6abf2a8a15337,
        type: 3}
      propertyPath: m_Name
      value: Tree2 (1)
      objectReference: {fileID: 0}
    - target: {fileID: 3484788670468597721, guid: 85626a771ce44a8408e6abf2a8a15337,
        type: 3}
      propertyPath: m_IsActive
      value: 1
      objectReference: {fileID: 0}
    - target: {fileID: 4258052815490284899, guid: 85626a771ce44a8408e6abf2a8a15337,
        type: 3}
      propertyPath: m_RootOrder
      value: 5
      objectReference: {fileID: 0}
    - target: {fileID: 4258052815490284899, guid: 85626a771ce44a8408e6abf2a8a15337,
        type: 3}
      propertyPath: m_LocalPosition.x
      value: -12
      objectReference: {fileID: 0}
    - target: {fileID: 4258052815490284899, guid: 85626a771ce44a8408e6abf2a8a15337,
        type: 3}
      propertyPath: m_LocalPosition.y
      value: 0
      objectReference: {fileID: 0}
    - target: {fileID: 4258052815490284899, guid: 85626a771ce44a8408e6abf2a8a15337,
        type: 3}
      propertyPath: m_LocalPosition.z
      value: 0
      objectReference: {fileID: 0}
    - target: {fileID: 4258052815490284899, guid: 85626a771ce44a8408e6abf2a8a15337,
        type: 3}
      propertyPath: m_LocalRotation.w
      value: 1
      objectReference: {fileID: 0}
    - target: {fileID: 4258052815490284899, guid: 85626a771ce44a8408e6abf2a8a15337,
        type: 3}
      propertyPath: m_LocalRotation.x
      value: 0
      objectReference: {fileID: 0}
    - target: {fileID: 4258052815490284899, guid: 85626a771ce44a8408e6abf2a8a15337,
        type: 3}
      propertyPath: m_LocalRotation.y
      value: 0
      objectReference: {fileID: 0}
    - target: {fileID: 4258052815490284899, guid: 85626a771ce44a8408e6abf2a8a15337,
        type: 3}
      propertyPath: m_LocalRotation.z
      value: 0
      objectReference: {fileID: 0}
    - target: {fileID: 4258052815490284899, guid: 85626a771ce44a8408e6abf2a8a15337,
        type: 3}
      propertyPath: m_LocalEulerAnglesHint.x
      value: 0
      objectReference: {fileID: 0}
    - target: {fileID: 4258052815490284899, guid: 85626a771ce44a8408e6abf2a8a15337,
        type: 3}
      propertyPath: m_LocalEulerAnglesHint.y
      value: 0
      objectReference: {fileID: 0}
    - target: {fileID: 4258052815490284899, guid: 85626a771ce44a8408e6abf2a8a15337,
        type: 3}
      propertyPath: m_LocalEulerAnglesHint.z
      value: 0
      objectReference: {fileID: 0}
    m_RemovedComponents: []
  m_SourcePrefab: {fileID: 100100000, guid: 85626a771ce44a8408e6abf2a8a15337, type: 3}
--- !u!4 &5922478030341383864 stripped
Transform:
  m_CorrespondingSourceObject: {fileID: 4258052815490284899, guid: 85626a771ce44a8408e6abf2a8a15337,
    type: 3}
  m_PrefabInstance: {fileID: 7577159151951535067}
  m_PrefabAsset: {fileID: 0}
