%YAML 1.1
%TAG !u! tag:unity3d.com,2011:
--- !u!1 &2338367477182339392
GameObject:
  m_ObjectHideFlags: 0
  m_CorrespondingSourceObject: {fileID: 0}
  m_PrefabInstance: {fileID: 0}
  m_PrefabAsset: {fileID: 0}
  serializedVersion: 6
  m_Component:
  - component: {fileID: 3784627018074694848}
  m_Layer: 0
  m_Name: PlayerSpawnPoint
  m_TagString: Untagged
  m_Icon: {fileID: 0}
  m_NavMeshLayer: 0
  m_StaticEditorFlags: 0
  m_IsActive: 1
--- !u!4 &3784627018074694848
Transform:
  m_ObjectHideFlags: 0
  m_CorrespondingSourceObject: {fileID: 0}
  m_PrefabInstance: {fileID: 0}
  m_PrefabAsset: {fileID: 0}
  m_GameObject: {fileID: 2338367477182339392}
  m_LocalRotation: {x: -0, y: -0, z: -0, w: 1}
  m_LocalPosition: {x: 0, y: 0, z: -27.8}
  m_LocalScale: {x: 1, y: 1, z: 1}
  m_Children: []
  m_Father: {fileID: 5028152308267211520}
  m_RootOrder: 1
  m_LocalEulerAnglesHint: {x: 0, y: 0, z: 0}
--- !u!1 &5028152308267211524
GameObject:
  m_ObjectHideFlags: 0
  m_CorrespondingSourceObject: {fileID: 0}
  m_PrefabInstance: {fileID: 0}
  m_PrefabAsset: {fileID: 0}
  serializedVersion: 6
  m_Component:
  - component: {fileID: 5028152308267211520}
  - component: {fileID: 7033058164888456112}
  - component: {fileID: 8900734773402497679}
  m_Layer: 0
  m_Name: Platform_15
  m_TagString: Untagged
  m_Icon: {fileID: 0}
  m_NavMeshLayer: 0
  m_StaticEditorFlags: 0
  m_IsActive: 1
--- !u!4 &5028152308267211520
Transform:
  m_ObjectHideFlags: 0
  m_CorrespondingSourceObject: {fileID: 0}
  m_PrefabInstance: {fileID: 0}
  m_PrefabAsset: {fileID: 0}
  m_GameObject: {fileID: 5028152308267211524}
  m_LocalRotation: {x: 0, y: 0, z: 0, w: 1}
  m_LocalPosition: {x: 0, y: 0, z: 0}
  m_LocalScale: {x: 1, y: 1, z: 1}
  m_Children:
  - {fileID: 5185349860946306021}
  - {fileID: 3784627018074694848}
  - {fileID: 1548656879368128607}
  - {fileID: 5183706505239639752}
  - {fileID: 3793965023665228112}
  - {fileID: 8380921848781970071}
  - {fileID: 3876030018796153163}
  m_Father: {fileID: 0}
  m_RootOrder: 0
  m_LocalEulerAnglesHint: {x: 0, y: 0, z: 0}
--- !u!114 &7033058164888456112
MonoBehaviour:
  m_ObjectHideFlags: 0
  m_CorrespondingSourceObject: {fileID: 0}
  m_PrefabInstance: {fileID: 0}
  m_PrefabAsset: {fileID: 0}
  m_GameObject: {fileID: 5028152308267211524}
  m_Enabled: 1
  m_EditorHideFlags: 0
  m_Script: {fileID: 11500000, guid: 8fe026aa290c2ef42951d9a62fd10f51, type: 3}
  m_Name: 
  m_EditorClassIdentifier: 
  _jellyTime: 0.5
  _player: {fileID: 8224202796034207596, guid: 28d5a8bee6a99354295d7891f66152cf, type: 3}
  _enemy: {fileID: 1746751875402959592, guid: 609646a6a2a663c418dfe7c85625a262, type: 3}
  _playerPoint: {fileID: 3784627018074694848}
  _enemyPoint: {fileID: 1548656879368128607}
  _renderers:
  - {fileID: 6322276406643169418}
--- !u!114 &8900734773402497679
MonoBehaviour:
  m_ObjectHideFlags: 0
  m_CorrespondingSourceObject: {fileID: 0}
  m_PrefabInstance: {fileID: 0}
  m_PrefabAsset: {fileID: 0}
  m_GameObject: {fileID: 5028152308267211524}
  m_Enabled: 1
  m_EditorHideFlags: 0
  m_Script: {fileID: 11500000, guid: 7a5ac11cc976e418e8d13136b07e1f52, type: 3}
  m_Name: 
  m_EditorClassIdentifier: 
  m_AgentTypeID: 0
  m_CollectObjects: 0
  m_Size: {x: 10, y: 10, z: 10}
  m_Center: {x: 0, y: 2, z: 0}
  m_LayerMask:
    serializedVersion: 2
    m_Bits: 4294967295
  m_UseGeometry: 0
  m_DefaultArea: 0
  m_IgnoreNavMeshAgent: 1
  m_IgnoreNavMeshObstacle: 1
  m_OverrideTileSize: 0
  m_TileSize: 256
  m_OverrideVoxelSize: 0
  m_VoxelSize: 0.33333334
  m_BuildHeightMesh: 0
  m_NavMeshData: {fileID: 23800000, guid: 276fde0efb38833438994436692c08ce, type: 2}
--- !u!1 &5529787664391420255
GameObject:
  m_ObjectHideFlags: 0
  m_CorrespondingSourceObject: {fileID: 0}
  m_PrefabInstance: {fileID: 0}
  m_PrefabAsset: {fileID: 0}
  serializedVersion: 6
  m_Component:
  - component: {fileID: 5185349860946306021}
  - component: {fileID: 8095725748928408640}
  - component: {fileID: 6322276406643169418}
  - component: {fileID: 8783504683961073116}
  - component: {fileID: 4458832240839578715}
  m_Layer: 0
  m_Name: Platform
  m_TagString: Untagged
  m_Icon: {fileID: 0}
  m_NavMeshLayer: 0
  m_StaticEditorFlags: 0
  m_IsActive: 1
--- !u!4 &5185349860946306021
Transform:
  m_ObjectHideFlags: 0
  m_CorrespondingSourceObject: {fileID: 0}
  m_PrefabInstance: {fileID: 0}
  m_PrefabAsset: {fileID: 0}
  m_GameObject: {fileID: 5529787664391420255}
  m_LocalRotation: {x: -0, y: -0, z: -0, w: 1}
  m_LocalPosition: {x: 0, y: -4.9, z: 0}
  m_LocalScale: {x: 5, y: 15, z: 5}
  m_Children: []
  m_Father: {fileID: 5028152308267211520}
  m_RootOrder: 0
  m_LocalEulerAnglesHint: {x: 0, y: 0, z: 0}
--- !u!33 &8095725748928408640
MeshFilter:
  m_ObjectHideFlags: 0
  m_CorrespondingSourceObject: {fileID: 0}
  m_PrefabInstance: {fileID: 0}
  m_PrefabAsset: {fileID: 0}
  m_GameObject: {fileID: 5529787664391420255}
  m_Mesh: {fileID: 2534964839176971238, guid: f13598747c449e949ad136e1f2f7636e, type: 3}
--- !u!23 &6322276406643169418
MeshRenderer:
  m_ObjectHideFlags: 0
  m_CorrespondingSourceObject: {fileID: 0}
  m_PrefabInstance: {fileID: 0}
  m_PrefabAsset: {fileID: 0}
  m_GameObject: {fileID: 5529787664391420255}
  m_Enabled: 1
  m_CastShadows: 1
  m_ReceiveShadows: 1
  m_DynamicOccludee: 1
  m_MotionVectors: 1
  m_LightProbeUsage: 1
  m_ReflectionProbeUsage: 1
  m_RayTracingMode: 2
  m_RenderingLayerMask: 1
  m_RendererPriority: 0
  m_Materials:
  - {fileID: 2100000, guid: 657b770f5069e02468c571a2e122dd09, type: 2}
  m_StaticBatchInfo:
    firstSubMesh: 0
    subMeshCount: 0
  m_StaticBatchRoot: {fileID: 0}
  m_ProbeAnchor: {fileID: 0}
  m_LightProbeVolumeOverride: {fileID: 0}
  m_ScaleInLightmap: 1
  m_ReceiveGI: 1
  m_PreserveUVs: 0
  m_IgnoreNormalsForChartDetection: 0
  m_ImportantGI: 0
  m_StitchLightmapSeams: 1
  m_SelectedEditorRenderState: 3
  m_MinimumChartSize: 4
  m_AutoUVMaxDistance: 0.5
  m_AutoUVMaxAngle: 89
  m_LightmapParameters: {fileID: 0}
  m_SortingLayerID: 0
  m_SortingLayer: 0
  m_SortingOrder: 0
--- !u!54 &8783504683961073116
Rigidbody:
  m_ObjectHideFlags: 0
  m_CorrespondingSourceObject: {fileID: 0}
  m_PrefabInstance: {fileID: 0}
  m_PrefabAsset: {fileID: 0}
  m_GameObject: {fileID: 5529787664391420255}
  serializedVersion: 2
  m_Mass: 1
  m_Drag: 0
  m_AngularDrag: 0.05
  m_UseGravity: 0
  m_IsKinematic: 1
  m_Interpolate: 0
  m_Constraints: 0
  m_CollisionDetection: 0
--- !u!64 &4458832240839578715
MeshCollider:
  m_ObjectHideFlags: 0
  m_CorrespondingSourceObject: {fileID: 0}
  m_PrefabInstance: {fileID: 0}
  m_PrefabAsset: {fileID: 0}
  m_GameObject: {fileID: 5529787664391420255}
  m_Material: {fileID: 0}
  m_IsTrigger: 0
  m_Enabled: 1
  serializedVersion: 4
  m_Convex: 0
  m_CookingOptions: 30
  m_Mesh: {fileID: 2534964839176971238, guid: f13598747c449e949ad136e1f2f7636e, type: 3}
--- !u!1 &7331142092858154077
GameObject:
  m_ObjectHideFlags: 0
  m_CorrespondingSourceObject: {fileID: 0}
  m_PrefabInstance: {fileID: 0}
  m_PrefabAsset: {fileID: 0}
  serializedVersion: 6
  m_Component:
  - component: {fileID: 1548656879368128607}
  m_Layer: 0
  m_Name: EnemySpawnPoint
  m_TagString: Untagged
  m_Icon: {fileID: 0}
  m_NavMeshLayer: 0
  m_StaticEditorFlags: 0
  m_IsActive: 1
--- !u!4 &1548656879368128607
Transform:
  m_ObjectHideFlags: 0
  m_CorrespondingSourceObject: {fileID: 0}
  m_PrefabInstance: {fileID: 0}
  m_PrefabAsset: {fileID: 0}
  m_GameObject: {fileID: 7331142092858154077}
  m_LocalRotation: {x: -0, y: -0, z: -0, w: 1}
  m_LocalPosition: {x: 0, y: 0, z: 26.2}
  m_LocalScale: {x: 1, y: 1, z: 1}
  m_Children: []
  m_Father: {fileID: 5028152308267211520}
  m_RootOrder: 2
  m_LocalEulerAnglesHint: {x: 0, y: 0, z: 0}
--- !u!1001 &81701915601645141
PrefabInstance:
  m_ObjectHideFlags: 0
  serializedVersion: 2
  m_Modification:
    m_TransformParent: {fileID: 5028152308267211520}
    m_Modifications:
    - target: {fileID: 5103276497772681373, guid: ace1e6cd70e9d8449a844ca63d96ef3b,
        type: 3}
      propertyPath: m_RootOrder
      value: 3
      objectReference: {fileID: 0}
    - target: {fileID: 5103276497772681373, guid: ace1e6cd70e9d8449a844ca63d96ef3b,
        type: 3}
      propertyPath: m_LocalPosition.x
      value: -12
      objectReference: {fileID: 0}
    - target: {fileID: 5103276497772681373, guid: ace1e6cd70e9d8449a844ca63d96ef3b,
        type: 3}
      propertyPath: m_LocalPosition.y
      value: 0
      objectReference: {fileID: 0}
    - target: {fileID: 5103276497772681373, guid: ace1e6cd70e9d8449a844ca63d96ef3b,
        type: 3}
      propertyPath: m_LocalPosition.z
      value: 10
      objectReference: {fileID: 0}
    - target: {fileID: 5103276497772681373, guid: ace1e6cd70e9d8449a844ca63d96ef3b,
        type: 3}
      propertyPath: m_LocalRotation.w
      value: 1
      objectReference: {fileID: 0}
    - target: {fileID: 5103276497772681373, guid: ace1e6cd70e9d8449a844ca63d96ef3b,
        type: 3}
      propertyPath: m_LocalRotation.x
      value: 0
      objectReference: {fileID: 0}
    - target: {fileID: 5103276497772681373, guid: ace1e6cd70e9d8449a844ca63d96ef3b,
        type: 3}
      propertyPath: m_LocalRotation.y
      value: 0
      objectReference: {fileID: 0}
    - target: {fileID: 5103276497772681373, guid: ace1e6cd70e9d8449a844ca63d96ef3b,
        type: 3}
      propertyPath: m_LocalRotation.z
      value: 0
      objectReference: {fileID: 0}
    - target: {fileID: 5103276497772681373, guid: ace1e6cd70e9d8449a844ca63d96ef3b,
        type: 3}
      propertyPath: m_LocalEulerAnglesHint.x
      value: 0
      objectReference: {fileID: 0}
    - target: {fileID: 5103276497772681373, guid: ace1e6cd70e9d8449a844ca63d96ef3b,
        type: 3}
      propertyPath: m_LocalEulerAnglesHint.y
      value: 0
      objectReference: {fileID: 0}
    - target: {fileID: 5103276497772681373, guid: ace1e6cd70e9d8449a844ca63d96ef3b,
        type: 3}
      propertyPath: m_LocalEulerAnglesHint.z
      value: 0
      objectReference: {fileID: 0}
    - target: {fileID: 5591687617682293287, guid: ace1e6cd70e9d8449a844ca63d96ef3b,
        type: 3}
      propertyPath: m_Name
      value: Tree
      objectReference: {fileID: 0}
    - target: {fileID: 5591687617682293287, guid: ace1e6cd70e9d8449a844ca63d96ef3b,
        type: 3}
      propertyPath: m_IsActive
      value: 1
      objectReference: {fileID: 0}
    m_RemovedComponents: []
  m_SourcePrefab: {fileID: 100100000, guid: ace1e6cd70e9d8449a844ca63d96ef3b, type: 3}
--- !u!4 &5183706505239639752 stripped
Transform:
  m_CorrespondingSourceObject: {fileID: 5103276497772681373, guid: ace1e6cd70e9d8449a844ca63d96ef3b,
    type: 3}
  m_PrefabInstance: {fileID: 81701915601645141}
  m_PrefabAsset: {fileID: 0}
--- !u!1001 &3647210824489140746
PrefabInstance:
  m_ObjectHideFlags: 0
  serializedVersion: 2
  m_Modification:
    m_TransformParent: {fileID: 5028152308267211520}
    m_Modifications:
    - target: {fileID: 5103276497772681373, guid: ace1e6cd70e9d8449a844ca63d96ef3b,
        type: 3}
      propertyPath: m_RootOrder
      value: 5
      objectReference: {fileID: 0}
    - target: {fileID: 5103276497772681373, guid: ace1e6cd70e9d8449a844ca63d96ef3b,
        type: 3}
      propertyPath: m_LocalPosition.x
      value: -12
      objectReference: {fileID: 0}
    - target: {fileID: 5103276497772681373, guid: ace1e6cd70e9d8449a844ca63d96ef3b,
        type: 3}
      propertyPath: m_LocalPosition.y
      value: 0
      objectReference: {fileID: 0}
    - target: {fileID: 5103276497772681373, guid: ace1e6cd70e9d8449a844ca63d96ef3b,
        type: 3}
      propertyPath: m_LocalPosition.z
      value: -10
      objectReference: {fileID: 0}
    - target: {fileID: 5103276497772681373, guid: ace1e6cd70e9d8449a844ca63d96ef3b,
        type: 3}
      propertyPath: m_LocalRotation.w
      value: 1
      objectReference: {fileID: 0}
    - target: {fileID: 5103276497772681373, guid: ace1e6cd70e9d8449a844ca63d96ef3b,
        type: 3}
      propertyPath: m_LocalRotation.x
      value: 0
      objectReference: {fileID: 0}
    - target: {fileID: 5103276497772681373, guid: ace1e6cd70e9d8449a844ca63d96ef3b,
        type: 3}
      propertyPath: m_LocalRotation.y
      value: 0
      objectReference: {fileID: 0}
    - target: {fileID: 5103276497772681373, guid: ace1e6cd70e9d8449a844ca63d96ef3b,
        type: 3}
      propertyPath: m_LocalRotation.z
      value: 0
      objectReference: {fileID: 0}
    - target: {fileID: 5103276497772681373, guid: ace1e6cd70e9d8449a844ca63d96ef3b,
        type: 3}
      propertyPath: m_LocalEulerAnglesHint.x
      value: 0
      objectReference: {fileID: 0}
    - target: {fileID: 5103276497772681373, guid: ace1e6cd70e9d8449a844ca63d96ef3b,
        type: 3}
      propertyPath: m_LocalEulerAnglesHint.y
      value: 0
      objectReference: {fileID: 0}
    - target: {fileID: 5103276497772681373, guid: ace1e6cd70e9d8449a844ca63d96ef3b,
        type: 3}
      propertyPath: m_LocalEulerAnglesHint.z
      value: 0
      objectReference: {fileID: 0}
    - target: {fileID: 5591687617682293287, guid: ace1e6cd70e9d8449a844ca63d96ef3b,
        type: 3}
      propertyPath: m_Name
      value: Tree (2)
      objectReference: {fileID: 0}
    - target: {fileID: 5591687617682293287, guid: ace1e6cd70e9d8449a844ca63d96ef3b,
        type: 3}
      propertyPath: m_IsActive
      value: 1
      objectReference: {fileID: 0}
    m_RemovedComponents: []
  m_SourcePrefab: {fileID: 100100000, guid: ace1e6cd70e9d8449a844ca63d96ef3b, type: 3}
--- !u!4 &8380921848781970071 stripped
Transform:
  m_CorrespondingSourceObject: {fileID: 5103276497772681373, guid: ace1e6cd70e9d8449a844ca63d96ef3b,
    type: 3}
  m_PrefabInstance: {fileID: 3647210824489140746}
  m_PrefabAsset: {fileID: 0}
--- !u!1001 &8247399309935743437
PrefabInstance:
  m_ObjectHideFlags: 0
  serializedVersion: 2
  m_Modification:
    m_TransformParent: {fileID: 5028152308267211520}
    m_Modifications:
    - target: {fileID: 5103276497772681373, guid: ace1e6cd70e9d8449a844ca63d96ef3b,
        type: 3}
      propertyPath: m_RootOrder
      value: 4
      objectReference: {fileID: 0}
    - target: {fileID: 5103276497772681373, guid: ace1e6cd70e9d8449a844ca63d96ef3b,
        type: 3}
      propertyPath: m_LocalPosition.x
      value: 12
      objectReference: {fileID: 0}
    - target: {fileID: 5103276497772681373, guid: ace1e6cd70e9d8449a844ca63d96ef3b,
        type: 3}
      propertyPath: m_LocalPosition.y
      value: 0
      objectReference: {fileID: 0}
    - target: {fileID: 5103276497772681373, guid: ace1e6cd70e9d8449a844ca63d96ef3b,
        type: 3}
      propertyPath: m_LocalPosition.z
      value: -10
      objectReference: {fileID: 0}
    - target: {fileID: 5103276497772681373, guid: ace1e6cd70e9d8449a844ca63d96ef3b,
        type: 3}
      propertyPath: m_LocalRotation.w
      value: 1
      objectReference: {fileID: 0}
    - target: {fileID: 5103276497772681373, guid: ace1e6cd70e9d8449a844ca63d96ef3b,
        type: 3}
      propertyPath: m_LocalRotation.x
      value: 0
      objectReference: {fileID: 0}
    - target: {fileID: 5103276497772681373, guid: ace1e6cd70e9d8449a844ca63d96ef3b,
        type: 3}
      propertyPath: m_LocalRotation.y
      value: 0
      objectReference: {fileID: 0}
    - target: {fileID: 5103276497772681373, guid: ace1e6cd70e9d8449a844ca63d96ef3b,
        type: 3}
      propertyPath: m_LocalRotation.z
      value: 0
      objectReference: {fileID: 0}
    - target: {fileID: 5103276497772681373, guid: ace1e6cd70e9d8449a844ca63d96ef3b,
        type: 3}
      propertyPath: m_LocalEulerAnglesHint.x
      value: 0
      objectReference: {fileID: 0}
    - target: {fileID: 5103276497772681373, guid: ace1e6cd70e9d8449a844ca63d96ef3b,
        type: 3}
      propertyPath: m_LocalEulerAnglesHint.y
      value: 0
      objectReference: {fileID: 0}
    - target: {fileID: 5103276497772681373, guid: ace1e6cd70e9d8449a844ca63d96ef3b,
        type: 3}
      propertyPath: m_LocalEulerAnglesHint.z
      value: 0
      objectReference: {fileID: 0}
    - target: {fileID: 5591687617682293287, guid: ace1e6cd70e9d8449a844ca63d96ef3b,
        type: 3}
      propertyPath: m_Name
      value: Tree (1)
      objectReference: {fileID: 0}
    - target: {fileID: 5591687617682293287, guid: ace1e6cd70e9d8449a844ca63d96ef3b,
        type: 3}
      propertyPath: m_IsActive
      value: 1
      objectReference: {fileID: 0}
    m_RemovedComponents: []
  m_SourcePrefab: {fileID: 100100000, guid: ace1e6cd70e9d8449a844ca63d96ef3b, type: 3}
--- !u!4 &3793965023665228112 stripped
Transform:
  m_CorrespondingSourceObject: {fileID: 5103276497772681373, guid: ace1e6cd70e9d8449a844ca63d96ef3b,
    type: 3}
  m_PrefabInstance: {fileID: 8247399309935743437}
  m_PrefabAsset: {fileID: 0}
--- !u!1001 &8293403090448511446
PrefabInstance:
  m_ObjectHideFlags: 0
  serializedVersion: 2
  m_Modification:
    m_TransformParent: {fileID: 5028152308267211520}
    m_Modifications:
    - target: {fileID: 5103276497772681373, guid: ace1e6cd70e9d8449a844ca63d96ef3b,
        type: 3}
      propertyPath: m_RootOrder
      value: 6
      objectReference: {fileID: 0}
    - target: {fileID: 5103276497772681373, guid: ace1e6cd70e9d8449a844ca63d96ef3b,
        type: 3}
      propertyPath: m_LocalPosition.x
      value: 12
      objectReference: {fileID: 0}
    - target: {fileID: 5103276497772681373, guid: ace1e6cd70e9d8449a844ca63d96ef3b,
        type: 3}
      propertyPath: m_LocalPosition.y
      value: 0
      objectReference: {fileID: 0}
    - target: {fileID: 5103276497772681373, guid: ace1e6cd70e9d8449a844ca63d96ef3b,
        type: 3}
      propertyPath: m_LocalPosition.z
      value: 10
      objectReference: {fileID: 0}
    - target: {fileID: 5103276497772681373, guid: ace1e6cd70e9d8449a844ca63d96ef3b,
        type: 3}
      propertyPath: m_LocalRotation.w
      value: 1
      objectReference: {fileID: 0}
    - target: {fileID: 5103276497772681373, guid: ace1e6cd70e9d8449a844ca63d96ef3b,
        type: 3}
      propertyPath: m_LocalRotation.x
      value: 0
      objectReference: {fileID: 0}
    - target: {fileID: 5103276497772681373, guid: ace1e6cd70e9d8449a844ca63d96ef3b,
        type: 3}
      propertyPath: m_LocalRotation.y
      value: 0
      objectReference: {fileID: 0}
    - target: {fileID: 5103276497772681373, guid: ace1e6cd70e9d8449a844ca63d96ef3b,
        type: 3}
      propertyPath: m_LocalRotation.z
      value: 0
      objectReference: {fileID: 0}
    - target: {fileID: 5103276497772681373, guid: ace1e6cd70e9d8449a844ca63d96ef3b,
        type: 3}
      propertyPath: m_LocalEulerAnglesHint.x
      value: 0
      objectReference: {fileID: 0}
    - target: {fileID: 5103276497772681373, guid: ace1e6cd70e9d8449a844ca63d96ef3b,
        type: 3}
      propertyPath: m_LocalEulerAnglesHint.y
      value: 0
      objectReference: {fileID: 0}
    - target: {fileID: 5103276497772681373, guid: ace1e6cd70e9d8449a844ca63d96ef3b,
        type: 3}
      propertyPath: m_LocalEulerAnglesHint.z
      value: 0
      objectReference: {fileID: 0}
    - target: {fileID: 5591687617682293287, guid: ace1e6cd70e9d8449a844ca63d96ef3b,
        type: 3}
      propertyPath: m_Name
      value: Tree (3)
      objectReference: {fileID: 0}
    - target: {fileID: 5591687617682293287, guid: ace1e6cd70e9d8449a844ca63d96ef3b,
        type: 3}
      propertyPath: m_IsActive
      value: 1
      objectReference: {fileID: 0}
    m_RemovedComponents: []
  m_SourcePrefab: {fileID: 100100000, guid: ace1e6cd70e9d8449a844ca63d96ef3b, type: 3}
--- !u!4 &3876030018796153163 stripped
Transform:
  m_CorrespondingSourceObject: {fileID: 5103276497772681373, guid: ace1e6cd70e9d8449a844ca63d96ef3b,
    type: 3}
  m_PrefabInstance: {fileID: 8293403090448511446}
  m_PrefabAsset: {fileID: 0}
